%! Author = podxb
%! Date = 12/09/2022

@book{GTP,
	author = {NAKAHARA, MIKIO},
	booktitle = {GEOMETRY, TOPOLOGY AND PHYSICS},
	isbn = {0 7503 0606 8},
	publisher = {IOP Publishing Ltd},
	series = {GRADUATE STUDENT SERIES IN PHYSICS},
	title = {GEOMETRY, TOPOLOGY AND PHYSICS},
	year = {2003}
}

@article{EMMY,
	author = {Carrasco, Pilar},
	journal = {LA GACETA DE LA RSME},
	pages = {331-346},
	title = {Emmy Noether y el inicio del {\'A}lgebra Abstracta},
	volume = {7.2},
	year = {2004}
}

